% TODO
% https://ieeexplore.ieee.org/abstract/document/9233212
% ALTER: 20-40 Stück SOLLEN DAS SEIN HIER!!!!!!!!!
% also erstmal VIEL LESEN und dann gleich hier rein
% EVTL AUCH BÜCHER! zb das hacked buch wenn ich XSS erklär als beispiel
% einfach ISBN ref hier!!!!!!!!!!!
% books einfach nice zu verlinken!

% TODO:
%DAS HAT  VIELE TOOLS BEREITS DRIN!
%https://aaltodoc.aalto.fi/bitstream/handle/123456789/27065/master_Kuusela_Juha_2017.pdf?sequence=1&isAllowed=y

%https://www.diva-portal.org/smash/record.jsf?pid=diva2%3A784545&dswid=-7487
%https://aaltodoc.aalto.fi/handle/123456789/27065
%https://www.theseus.fi/bitstream/handle/10024/502952/Opinnaytetyto_Koskela_Pyry.pdf?sequence=2
%https://www.theseus.fi/handle/10024/103333
% TODO https://agilemanifesto.org/

@INPROCEEDINGS{sdl,
  author = {Michael Howard and Steve Lipner},
  title = {The Security Development Lifecycle},
  year = {2006},
}

@INPROCEEDINGS{kopka:guidetolatexonline,
  author = {Paul C. Kocher and Joshua Jaffe and Benjamin Jun},
  title = {Differential Power Analysis},
  booktitle = {CRYPTO},
  year = {1999},
  pages = {388-397},
}

